@misc{wolfram,
	title =  {Wolfram Alpha},
	url =    {https://www.wolframalpha.com/input/?i=sum+k%5E2%2Fa%5E(k-1)+from+1+to+n}
}