@misc{prog,
	title =  {Python Program to calculate continued fractions, and format latex tables},
	author = {Nicholas Mc-Donnell},
	year = {2018},
	url =    {https://github.com/N9199/Tareas-Teoria-de-Numeros/blob/master/Tarea%207/generateTable.py}
}