@book{hardy,
	title =     {Introduction to theory of numbers},
	author =    {Hardy, Wright.},
	publisher = {},
	isbn =      {},
	year =      {1968},
	series =    {},
	edition =   {4th},
	volume =    {}
}
@misc{tao,
	title =  {Terence Tao's Blog},
	author = {Tao},
    year = {2008},
	url =    {https://terrytao.wordpress.com/2008/09/23/the-divisor-bound/}
}