@misc{prog,
	title =  {Sage Notebook to calculate the torsion group and range of certain elliptic curves},
	author = {Nicholas Mc-Donnell},
	year = {2018},
	url =    {https://github.com/N9199/Tareas-Teoria-de-Numeros/blob/master/Tarea%2010/Tarea%2010.ipynb}
}
