@misc{mertens3,
	author="Pablo De Nápoli",
	title="Introducción a la Teoría Analítica de Números, clase 7",
    year="2009"
}